
Reference.bib
V1.0 (2016/09/25)
Copyright (c) 2016-2026 by Jie Zhu

****************************************************
***************This is the SSE part*****************
****************************************************
*@article{bosch2015survey,
  title={A survey of provably secure searchable encryption},
  author={B{\"o}sch, Christoph and Hartel, Pieter and Jonker, Willem and Peter, Andreas},
  journal={ACM Computing Surveys (CSUR)},
  volume={47},
  number={2},
  pages={18},
  year={2015},
  publisher={ACM}
}


@conference{kamara2013parallel,
  title={Parallel and dynamic searchable symmetric encryption},
  author={Kamara, Seny and Papamanthou, Charalampos},
  booktitle={Proc. of International Conference on Financial Cryptography and Data Security(FC)},
  pages={258--274},
  year={2013},
  organization={Springer}
}


@conference{song2000practical,
  title={Practical techniques for searches on encrypted data},
  author={Song, Dawn Xiaoding and Wagner, David and Perrig, Adrian},
  booktitle={Proc. of Security and Privacy(S\&P)},
  pages={44--55},
  year={2000},
  organization={IEEE}
}


@article{curtmola2011searchable,
  title={Searchable symmetric encryption: improved definitions and efficient constructions},
  author={Curtmola, Reza and Garay, Juan and Kamara, Seny and Ostrovsky, Rafail},
  journal={Journal of Computer Security},
  volume={19},
  number={5},
  pages={895--934},
  year={2011}
}


@inproceedings{kamara2012dynamic,
  title={Dynamic searchable symmetric encryption},
  author={Kamara, Seny and Papamanthou, Charalampos and Roeder, Tom},
  booktitle={Proc. of Computer and Communications Security(CCS)},
  pages={965--976},
  year={2012},
  organization={ACM}
}

@article{yang2009multiuser,
  title={Multiuser private queries over encrypted databases},
  author={Yang, Yanjiang and Bao, Feng and Ding, Xuhua and Deng, Robert H},
  journal={International Journal of Applied Cryptography},
  volume={1},
  number={4},
  pages={309--319},
  year={2009}
}

@article{dong2011shared,
  title={Shared and searchable encrypted data for untrusted servers},
  author={Dong, Changyu and Russello, Giovanni and Dulay, Naranker},
  journal={Journal of Computer Security},
  volume={19},
  number={3},
  pages={367--397},
  year={2011}
}

@Conference{jarecki2013outsourced,
  title={Outsourced symmetric private information retrieval},
  author={Jarecki, Stanislaw and Jutla, Charanjit and Krawczyk, Hugo and Rosu, Marcel and Steiner, Michael},
  booktitle={Proc. of Computer and Communications Security(CCS)},
  pages={875--888},
  year={2013},
  organization={ACM}
}

@Conference{sun2016efficient,
  title={An Efficient Non-Interactive Multi-client Searchable Encryption with Support for Boolean Queries},
  author={Sun, Shi-Feng and Liu, Joseph K and Sakzad, Amin and Steinfeld, Ron and Yuen, Tsz Hon},
  booktitle={Proc. of European Symposium on Research in Computer Security(ESORICS)},
  pages={154--172},
  year={2016},
  organization={Springer}
}

@Conference{cash2014dynamic,
  title={Dynamic Searchable Encryption in Very-Large Databases: Data Structures and Implementation},
  author={Cash, David and Jaeger, Joseph and Jarecki, Stanislaw and Jutla, Charanjit S and Krawczyk, Hugo and Rosu, Marcel-Catalin and Steiner, Michael},
  booktitle={Proc. of the Network and Distributed System Security Symposium (NDSS)},
  volume={14},
  pages={23--26},
  year={2014},
  organization={Citeseer}
}

@Conference{wang2010secure,
  title={Secure ranked keyword search over encrypted cloud data},
  author={Wang, Cong and Cao, Ning and Li, Jin and Ren, Kui and Lou, Wenjing},
  booktitle={Proc. of IEEE International Conference on Distributed Computing Systems (ICDCS)},
  year={2010}
}

@article{wang2016searchable,
  title={Searchable encryption over feature-rich data},
  author={Wang, Qian and He, Meiqi and Du, Minxin and Chow, Sherman SM and Lai, Russell WF and Zou, Qin},
  journal={IEEE Transactions on Dependable and Secure Computing(TDSC)},
  year={2016},
  publisher={IEEE}
}

****************************************************
***************Secure Cloud Storage*****************
****************************************************
@inproceedings{ateniese2007provable,
  title={Provable data possession at untrusted stores},
  author={Ateniese, Giuseppe and Burns, Randal and Curtmola, Reza and Herring, Joseph and Kissner, Lea and Peterson, Zachary and Song, Dawn},
  booktitle={Proc. of Computer and Communications Security(CCS)},
  pages={598--609},
  year={2007}
}

@inproceedings{ateniese2008scalable,
  title={Scalable and efficient provable data possession},
  author={Ateniese, Giuseppe and Di Pietro, Roberto and Mancini, Luigi V and Tsudik, Gene},
  booktitle={Proc. of the International Conference on Security and privacy in communication netowrks (SecureComm)},
  pages={9},
  year={2008}
}

@inproceedings{curtmola2008mr,
  title={MR-PDP: Multiple-replica provable data possession},
  author={Curtmola, Reza and Khan, Osama and Burns, Randal and Ateniese, Giuseppe},
  booktitle={Distributed Computing Systems, 2008. ICDCS'08. The 28th International Conference on},
  pages={411--420},
  year={2008},
  organization={IEEE}
}

@article{erway2015dynamic,
  title={Dynamic provable data possession},
  author={Erway, C Chris and K{\"u}p{\c{c}}{\"u}, Alptekin and Papamanthou, Charalampos and Tamassia, Roberto},
  journal={ACM Transactions on Information and System Security (TISSEC)},
  volume={17},
  number={4},
  pages={15},
  year={2015}
}

@Conference{juels2007pors,
  title={PORs: Proofs of retrievability for large files},
  author={Juels, Ari and Kaliski Jr, Burton S},
  booktitle={Proc. of Computer and Communications Security(CCS)},
  pages={584--597},
  year={2007}
}

@Conference{bowers2009proofs,
  title={Proofs of retrievability: Theory and implementation},
  author={Bowers, Kevin D and Juels, Ari and Oprea, Alina},
  booktitle={Proc. of the workshop on Cloud computing security (SCC)},
  year={2009}
}

@Conference{stefanov2012iris,
  title={Iris: A scalable cloud file system with efficient integrity checks},
  author={Stefanov, Emil and van Dijk, Marten and Juels, Ari and Oprea, Alina},
  booktitle={Proc. of Annual Computer Security Applications Conference (ACSAC)},
  year={2012}
}

@article{zhu2012cooperative,
  title={Cooperative provable data possession for integrity verification in multicloud storage},
  author={Zhu, Yan and Hu, Hongxin and Ahn, Gail-Joon and Yu, Mengyang},
  journal={IEEE Transactions on Parallel and Distributed Systems(TPDS)},
  volume={23},
  number={12},
  pages={2231--2244},
  year={2012}
}

@article{wang2013privacy,
  title={Privacy-preserving public auditing for secure cloud storage},
  author={Wang, Cong and Chow, Sherman SM and Wang, Qian and Ren, Kui and Lou, Wenjing},
  journal={IEEE Transactions on Computers},
  volume={62},
  number={2},
  pages={362--375},
  year={2013},
  publisher={IEEE}
}

@article{wang2010privacy,
  title={Privacy-preserving public auditing for data storage security in cloud computing},
  author={Wang, Cong and Wang, Qian and Ren, Kui and Lou, Wenjing},
  booktitle={Proc. of IEEE International Conference on Computer Communications(INFOCOM)},
  pages={1--9},
  year={2010},
  organization={IEEE}
}

@article{wang2010toward,
  title={Toward publicly auditable secure cloud data storage services},
  author={Wang, Cong and Ren, Kui and Lou, Wenjing and Li, Jin},
  journal={IEEE Network},
  volume={24},
  number={4},
  year={2010},
  publisher={IEEE}
}

@article{wang2011enabling,
  title={Enabling public auditability and data dynamics for storage security in cloud computing},
  author={Wang, Qian and Wang, Cong and Ren, Kui and Lou, Wenjing and Li, Jin},
  journal={IEEE Transactions on Parallel and Distributed Systems(TPDS)},
  volume={22},
  number={5},
  pages={847--859},
  year={2011}
}

@inproceedings{zhu2011dynamic,
  title={Dynamic audit services for integrity verification of outsourced storages in clouds},
  author={Zhu, Yan and Wang, Huaixi and Hu, Zexing and Ahn, Gail-Joon and Hu, Hongxin and Yau, Stephen S},
  booktitle={Proceedings of the 2011 ACM Symposium on Applied Computing},
  pages={1550--1557},
  year={2011},
  organization={ACM}
}

****************************************************
***************This is the VSSE part****************
****************************************************

@techreport{kamara2011cs2,
  title={CS2: A semantic cryptographic cloud storage system},
  author={Kamara, Seny and Papamanthou, Charalampos and Roeder, Tom},
  year={2011},
  institution={Tech. Rep. MSR-TR-2011-58, Microsoft Technical Report (May 2011), http://research. microsoft. com/apps/pubs}
}

@Conference{kurosawa2012uc,
  title={UC-secure searchable symmetric encryption},
  author={Kurosawa, Kaoru and Ohtaki, Yasuhiro},
  booktitle={Proc. of International Conference on Financial Cryptography and Data Security (FC)},
  year={2012}
}

@Conference{chai2012verifiable,
  title={Verifiable symmetric searchable encryption for semi-honest-but-curious cloud servers},
  author={Chai, Qi and Gong, Guang},
  booktitle={Proc. of International Conference on Communications (ICC)},
  year={2012}
}

@Conference{kurosawa2013update,
  title={How to update documents verifiably in searchable symmetric encryption},
  author={Kurosawa, Kaoru and Ohtaki, Yasuhiro},
  booktitle={Proc. of International Conference on Cryptology And Network Security (CANS)},
  year={2013}
}


@Conference{stefanov2014practical,
  title={Practical Dynamic Searchable Encryption with Small Leakage},
  author={Stefanov, Emil and Papamanthou, Charalampos and Shi, Elaine},
  booktitle={Proc. of the Network and Distributed System Security Symposium (NDSS)},
  volume={71},
  pages={72--75},
  year={2014}
}

@Conference{cheng2015verifiable,
  title={Verifiable searchable symmetric encryption from indistinguishability obfuscation},
  author={Cheng, Rong and Yan, Jingbo and Guan, Chaowen and Zhang, Fangguo and Ren, Kui},
  booktitle={Proc. of the ACM Symposium on Information, Computer and Communications Security(AsiaCCS)},
  pages={621--626},
  year={2015},
  organization={ACM}
}

@article{bost2016verifiable,
  title={Verifiable Dynamic Symmetric Searchable Encryption: Optimality and Forward Security.},
  author={Bost, Raphael and Fouque, Pierre-Alain and Pointcheval, David},
  journal={IACR Cryptology ePrint Archive},
  volume={2016},
  pages={62},
  year={2016}
}

@article{ogataefficient,
  title={Efficient No-dictionary Verifiable SSE},
  author={Ogata, Wakaha and Kurosawa, Kaoru},
  journal={IACR Cryptology ePrint Archive},
  volume={2016},
  pages={981},
  year={2016}
}

@inproceedings{sun2015catch,
  title={Catch you if you lie to me: Efficient verifiable conjunctive keyword search over large dynamic encrypted cloud data},
  author={Sun, Wenhai and Liu, Xuefeng and Lou, Wenjing and Hou, Y Thomas and Li, Hui},
  booktitle={Proc. of IEEE International Conference on Computer Communications(INFOCOM)},
  pages={2110--2118},
  year={2015},
  organization={IEEE}
}

****************************************************
***********This is the VSAE part**************
****************************************************

@inproceedings{zheng2014vabks,
  title={VABKS: verifiable attribute-based keyword search over outsourced encrypted data},
  author={Zheng, Qingji and Xu, Shouhuai and Ateniese, Giuseppe},
  booktitle={Proc. of IEEE International Conference on Computer Communications(INFOCOM)},
  year={2014}
}

@inproceedings{liu2014efficient,
  title={Efficient verifiable public key encryption with keyword search based on KP-ABE},
  author={Liu, Pengliang and Wang, Jianfneg and Ma, Hua and Nie, Haixin},
  booktitle={Proc. of Broadband and Wireless Computing, Communication and Applications (BWCCA)},
  year={2014}
}

@article{liu2015cca,
  title={CCA-secure publicly verifiable public key encryption scheme without pairings},
  author={Liu, Zhen and Yang, Xiaoyuan and Pan, Feng and Wei, Yuechuan},
  journal={International Journal of Grid and Utility Computing},
  volume={6},
  number={2},
  pages={74--82},
  year={2015},
  publisher={Inderscience Publishers (IEL)}
}

@article{ameri2015generic,
  title={A Generic Construction for Verifiable Attribute-based Keyword Search Schemes.},
  author={Ameri, Mohammad Hassan and Asaar, Maryam Rajabzadeh and Mohajeri, Javad and Salmasizadeh, Mahmoud},
  journal={IACR Cryptology ePrint Archive},
  volume={2015},
  pages={915},
  year={2015}
}

@inproceedings{zhang2016pvsae,
  title={Pvsae: A public verifiable searchable encryption service framework for outsourced encrypted data},
  author={Zhang, Rui and Xue, Rui and Yu, Ting and Liu, Ling},
  booktitle={Web Services (ICWS), 2016 IEEE International Conference on},
  pages={428--435},
  year={2016},
  organization={IEEE}
}

****************************************************
***********This is the Blockchain part**************
****************************************************


@article{wood2014ethereum,
  title={Ethereum: A secure decentralised generalised transaction ledger},
  author={Wood, Gavin},
  journal={Ethereum Project Yellow Paper},
  volume={151},
  pages={1--32},
  year={2014}
}



****************************************************
**********************Others************************
****************************************************
@inproceedings{boneh2004public,
  title={Public key encryption with keyword search},
  author={Boneh, Dan and Di Crescenzo, Giovanni and Ostrovsky, Rafail and Persiano, Giuseppe},
  booktitle={International conference on the theory and applications of cryptographic techniques(EUROCRYPT)},
  pages={506--522},
  year={2004},
  organization={Springer}
}

@inproceedings{bellare1994incremental,
  title={Incremental cryptography: The case of hashing and signing},
  author={Bellare, Mihir and Goldreich, Oded and Goldwasser, Shafi},
  booktitle={Annual International Cryptology Conference(CRYPTO)},
  pages={216--233},
  year={1994},
  organization={Springer}
}

@Misc{enronemail ,
  url = {https://www.cs.cmu.edu/~enron/},
  note = {May 7, 2015},
  title = {Enron\_email dataset}
}
@Misc{merklepatriciatree ,
  url = {https://github.com/ethereum/wiki/wiki/Patricia-Tree},
  note = {Dec 13, 2016},
  title = {Merkle Patricia Tree}
}

@Misc{RLPcode,
  url = {https://github.com/ethereum/wiki/wiki/RLP},
  title = {RLP Code}
}

@inproceedings{merkle1987digital,
  title={A digital signature based on a conventional encryption function},
  author={Merkle, Ralph C},
  booktitle={International conference on the theory and applications of cryptographic techniques(EUROCRYPT)},
  year={1987}
}

@inproceedings{papamanthou2008authenticated,
  title={Authenticated hash tables},
  author={Papamanthou, Charalampos and Tamassia, Roberto and Triandopoulos, Nikos},
  booktitle={Proc. of Computer and Communications Security(CCS)},
  year={2008}
}

@article{pugh1990skip,
  title={Skip lists: a probabilistic alternative to balanced trees},
  author={Pugh, William},
  journal={Communications of the ACM},
  volume={33},
  number={6},
  pages={668--676},
  year={1990}
}

@inproceedings{goodrich2001implementation,
  title={Implementation of an authenticated dictionary with skip lists and commutative hashing},
  author={Goodrich, Michael T and Tamassia, Roberto and Schwerin, Andrew},
  booktitle={Proc. of DARPA Information Survivability Conference \& Exposition (DISCEX)},
  year={2001}
}

@article{sandhu1996role,
  title={Role-based access control models},
  author={Sandhu, Ravi S and Coyne, Edward J and Feinstein, Hal L and Youman, Charles E},
  journal={IEEE Transactions on Computer},
  volume={29},
  number={2},
  pages={38--47},
  year={1996}
}
@article{ferraiolo2001proposed,
  title={Proposed NIST standard for role-based access control},
  author={Ferraiolo, David F and Sandhu, Ravi and Gavrila, Serban and Kuhn, D Richard and Chandramouli, Ramaswamy},
  journal={ACM Transactions on Information and System Security (TISSEC)},
  volume={4},
  number={3},
  pages={224--274},
  year={2001},
  publisher={ACM}
}



****************************************************
***************Network Time Protocol****************
****************************************************
@article{mills1991internet,
  title={Internet time synchronization: the network time protocol},
  author={Mills, David L},
  journal={IEEE Transactions on Communications},
  volume={39},
  number={10},
  pages={1482--1493},
  year={1991}
}

@techreport{mills2010network,
  title={Network time protocol version 4: Protocol and algorithms specification},
  author={Mills, David and Martin, Jim and Burbank, Jack and Kasch, William},
  type = {RFC},
  number = {5905},
  publisher= {RFC Editor},
  year={2010},
  month = {June},
}

@article{kopetz1987clock,
  title={Clock synchronization in distributed real-time systems},
  author={Kopetz, Hermann and Ochsenreiter, Wilhelm},
  journal={IEEE Transactions on Computers},
  volume={100},
  number={8},
  pages={933--940},
  year={1987}
}

@article{elson2002fine,
  title={Fine-grained network time synchronization using reference broadcasts},
  author={Elson, Jeremy and Girod, Lewis and Estrin, Deborah},
  journal={ACM Transactions on Operating Systems Review (SIGOPS)},
  volume={36},
  number={SI},
  pages={147--163},
  year={2002}
}

@article{zhou2007accurate,
  title={An accurate and scalable clock synchronization protocol for IEEE 802.11-based multihop ad hoc networks},
  author={Zhou, Dong and Lai, Ten H},
  journal={IEEE Transactions on Parallel and Distributed Systems(TPDS)},
  volume={18},
  number={12},
  pages={1797--1808},
  year={2007}
}
