@inproceedings{cash2014dynamic,
  title={Dynamic Searchable Encryption in Very-Large Databases: Data Structures and Implementation.},
  author={Cash, David and Jaeger, Joseph and Jarecki, Stanislaw and Jutla, Charanjit S and Krawczyk, Hugo and Rosu, Marcel-Catalin and Steiner, Michael},
  booktitle={NDSS},
  volume={14},
  pages={23--26},
  year={2014}
}


@article{wang2016searchable,
  title={Searchable encryption over feature-rich data},
  author={Wang, Qian and He, Meiqi and Du, Minxin and Chow, Sherman SM and Lai, Russell WF and Zou, Qin},
  journal={IEEE Transactions on Dependable and Secure Computing},
  year={2016},
  publisher={IEEE}
}

@article{bost2016verifiable,
  title={Verifiable Dynamic Symmetric Searchable Encryption: Optimality and Forward Security.},
  author={Bost, Raphael and Fouque, Pierre-Alain and Pointcheval, David},
  journal={IACR Cryptology ePrint Archive},
  volume={2016},
  pages={62},
  year={2016}
}

@article{wood2014ethereum,
  title={Ethereum: A secure decentralised generalised transaction ledger},
  author={Wood, Gavin},
  journal={Ethereum Project Yellow Paper},
  volume={151},
  pages={1--32},
  year={2014}
}


@techreport{mills2010network,
  title={Network time protocol version 4: Protocol and algorithms specification},
  author={Mills, David and Martin, Jim and Burbank, Jack and Kasch, William},
  type = {RFC},
  number = {5905},
  publisher= {RFC Editor},
  year={2010},
  month = {June}
}
